@misc{SRS,
    title={Software Requirements Specification for Software Engineering: PyERT},
    url={https://github.com/paezha/PyERT-BLACK/blob/main/docs/SRS/SRS.pdf},
    author={Ali, Zabrain and Jiang, Linqi and Leung, Jasper and Li, Mike and Shi, Mengtong and Tan, Hongzhao},
    year={2022}} 